
<record>
  <controlfield tag="001">284250</controlfield>
  <datafield tag="035" ind1=" " ind2=" ">
    <subfield code="z">D90-00130</subfield>
    <subfield code="9">DESY</subfield>
  </datafield>
  <datafield tag="035" ind1=" " ind2=" ">
    <subfield code="a">Albrecht:1989wf</subfield>
    <subfield code="9">SPIRESTeX</subfield>
  </datafield>
  <datafield tag="037" ind1=" " ind2=" ">
    <subfield code="a">DESY-89-164</subfield>
  </datafield>
  <datafield tag="245" ind1=" " ind2=" ">
    <subfield code="a">EVIDENCE FOR A HIGHER TWIST EFFECT IN ELECTRON - POSITRON ANNIHILATION INTO HADRONS AT 10-GeV CENTER-OF-MASS ENERGY</subfield>
  </datafield>
  <datafield tag="710" ind1=" " ind2=" ">
    <subfield code="g">ARGUS</subfield>
  </datafield>
</record>